<record><leader>00000cas a22000007a 4500</leader><controlfield tag="001">15685007</controlfield><controlfield tag="008">870514d18uu1891pauwr ne      0    0eng d</controlfield><datafield ind1=" " ind2=" " tag="010"><subfield code="a">sn 87078215 </subfield></datafield><datafield ind1=" " ind2=" " tag="040"><subfield code="a">NPH</subfield><subfield code="b">eng</subfield><subfield code="c">NPH</subfield><subfield code="d">OCLCQ</subfield></datafield><datafield ind1=" " ind2=" " tag="042"><subfield code="a">msc</subfield></datafield><datafield ind1="0" ind2="4" tag="245"><subfield code="a">The Marion independent.</subfield></datafield><datafield ind1=" " ind2=" " tag="260"><subfield code="a">Marion [Pa.] :</subfield><subfield code="b">J.A.C. Rairigh,</subfield><subfield code="c">-1891.</subfield></datafield><datafield ind1=" " ind2=" " tag="300"><subfield code="a">v. ;</subfield><subfield code="c">60 cm.</subfield></datafield><datafield ind1=" " ind2=" " tag="310"><subfield code="a">Weekly</subfield></datafield><datafield ind1="0" ind2=" " tag="362"><subfield code="a">-v. 10, no. 5 (Jan. 10, 1891).</subfield></datafield><datafield ind1=" " ind2=" " tag="500"><subfield code="a">Publisher: C.R. Griffith, &lt;1882&gt;.</subfield></datafield><datafield ind1=" " ind2=" " tag="500"><subfield code="a">Published in Marion Center, Pa., &lt;1891&gt;.</subfield></datafield><datafield ind1=" " ind2=" " tag="588"><subfield code="a">Description based on: Vol. 1, no. 2 (Dec. 31, 1881).</subfield></datafield><datafield ind1=" " ind2=" " tag="752"><subfield code="a">United States</subfield><subfield code="b">Pennsylvania</subfield><subfield code="c">Indiana</subfield><subfield code="d">Marion Center.</subfield></datafield><datafield ind1=" " ind2=" " tag="752"><subfield code="a">United States</subfield><subfield code="b">Pennsylvania</subfield><subfield code="c">Indiana</subfield><subfield code="d">Marion.</subfield></datafield><datafield ind1="0" ind2="0" tag="785"><subfield code="t">Marion Center independent</subfield><subfield code="w">(DLC)sn 87078214</subfield></datafield></record>